@ARTICLE{Sridhar201793,
author={Sridhar, C. and Bhat, S. and Acharya, U.R. and Adeli, H. and Bairy, G.M.},
title={Diagnosis of attention deficit hyperactivity disorder using imaging and signal processing techniques},
journal={Computers in Biology and Medicine},
year={2017},
volume={88},
pages={93-99},
doi={10.1016/j.compbiomed.2017.07.009},
document_type={Review},
source={Scopus},
}

@article{Qureshi20161,
	author = {Qureshi, Muhammad Naveed Iqbal AND Min, Beomjun AND Jo, Hang Joon AND Lee, Boreom},
	journal = {PLOS ONE},
	publisher = {Public Library of Science},
	title = {Multiclass Classification for the Differential Diagnosis on the ADHD Subtypes Using Recursive Feature Elimination and Hierarchical Extreme Learning Machine: Structural MRI Study},
	year = {2016},
	month = {08},
	volume = {11},
	pages = {1-20},
	number = {8},
	doi = {10.1371/journal.pone.0160697}
}


@ARTICLE{Johnson2012,
	author={Johnson, K.A. and Fox, N.C. and Sperling, R.A. and Klunk, W.E.},
	title={Brain imaging in Alzheimer disease},
	journal={Cold Spring Harbor Perspectives in Medicine},
	year={2012},
	volume={2},
	number={4},
	doi={10.1101/cshperspect.a006213},
	art_number={a006213},
	document_type={Article},
	source={Scopus},
}

@ARTICLE{Arbabshirani2017137,
	author={Arbabshirani, M.R. and Plis, S. and Sui, J. and Calhoun, V.D.},
	title={Single subject prediction of brain disorders in neuroimaging: Promises and pitfalls},
	journal={NeuroImage},
	year={2017},
	volume={145},
	pages={137-165},
	doi={10.1016/j.neuroimage.2016.02.079},
	document_type={Article},
	source={Scopus},
}


@ARTICLE{Gauthier20061262,
	author={Gauthier, S. and Reisberg, B. and Zaudig, M. and Petersen, R.C. and Ritchie, K. and Broich, K. and Belleville, S. and Brodaty, H. and Bennett, D. and Chertkow, H. and Cummings, J.L. and de Leon, M. and Feldman, H. and Ganguli, M. and Hampel, H. and Scheltens, P. and Tierney, M.C. and Whitehouse, P. and Winblad, B.},
	title={Mild cognitive impairment},
	journal={Lancet},
	year={2006},
	volume={367},
	number={9518},
	pages={1262-1270},
	doi={10.1016/S0140-6736(06)68542-5},
	document_type={Review},
	source={Scopus},
}


@ARTICLE{Luo2016,
	author={Luo, W. and Phung, D. and Tran, T. and Gupta, S. and Rana, S. and Karmakar, C. and Shilton, A. and Yearwood, J. and Dimitrova, N. and Ho, T.B. and Venkatesh, S. and Berk, M.},
	title={Guidelines for developing and reporting machine learning predictive models in biomedical research: A multidisciplinary view},
	journal={Journal of Medical Internet Research},
	year={2016},
	volume={18},
	number={12},
	doi={10.2196/jmir.5870},
	art_number={e323},
	document_type={Article},
	source={Scopus},
}

@ARTICLE{Brittii2011543,
	author={Brittii, W.G. and Hansen, A.M. and Bhaskerrao, S. and Larsen, J.P. and Petersen, F. and Dickson, A. and Dickson, C. and Kirsch, W.M.},
	title={Mild cognitive impairment: Prodromal Alzheimer's disease or something else?},
	journal={Journal of Alzheimer's Disease},
	year={2011},
	volume={27},
	number={3},
	pages={543-551},
	doi={10.3233/JAD-2011-110740},
	document_type={Article},
	source={Scopus},
}



@ARTICLE{Petersen1999303,
	author={Petersen, R.C. and Smith, G.E. and Waring, S.C. and Ivnik, R.J. and Tangalos, E.G. and Kokmen, E.},
	title={Mild cognitive impairment: Clinical characterization and outcome},
	journal={Archives of Neurology},
	year={1999},
	volume={56},
	number={3},
	pages={303-308},
	document_type={Article},
	source={Scopus},
}



@ARTICLE{Petersen2004183,
	author={Petersen, R.C.},
	title={Mild cognitive impairment as a diagnostic entity},
	journal={Journal of Internal Medicine},
	year={2004},
	volume={256},
	number={3},
	pages={183-194},
	doi={10.1111/j.1365-2796.2004.01388.x},
	document_type={Conference Paper},
	source={Scopus},
}



@ARTICLE{Kaduszkiewicz2014158,
	author={Kaduszkiewicz, H. and Eisele, M. and Wiese, B. and Prokein, J. and Luppa, M. and Luck, T. and Jessen, F. and Bickel, H. and Mösch, E. and Pentzek, M. and Fuchs, A. and Eifflaender-Gorfer, S. and Weyerer, S. and König, H.-H. and Brettschneider, C. and van den Bussche, H. and Maier, W. and Scherer, M. and Riedel-Heller, S.G.},
	title={Prognosis of mild cognitive impairment in general practice: Results of the german agecode study},
	journal={Annals of Family Medicine},
	year={2014},
	volume={12},
	number={2},
	pages={158-165},
	doi={10.1370/afm.1596},
	document_type={Article},
	source={Scopus},
}

@ARTICLE{Petersen2006147,
	author={Petersen, R.C. and O'Brien, J.},
	title={Mild cognitive impairment should be considered for DSM-V},
	journal={Journal of Geriatric Psychiatry and Neurology},
	year={2006},
	volume={19},
	number={3},
	pages={147-154},
	doi={10.1177/0891988706291085},
	document_type={Review},
	source={Scopus},
}

@article{Petersen2004183,
	author={Petersen,R. C.},
	year={2004},
	title={Mild cognitive impairment as a diagnostic entity},
	journal={Journal of internal medicine},
	volume={256},
	number={3},
	pages={183-194},
	language={English},
}



@article{Rahim2017,
	author={Rahim,M. and Thirion,B. and Bzdok,D. and Buvat,I. and Varoquaux,G.},
	year={2017},
	title={Joint prediction of multiple scores captures better individual traits from brain images},
	journal={NeuroImage},
	volume={158},
	pages={145-154},
	language={English},
}



@ARTICLE{Scheltens2016505,
	author={Scheltens, P. and Blennow, K. and Breteler, M.M.B. and de Strooper, B. and Frisoni, G.B. and Salloway, S. and Van der Flier, W.M.},
	title={Alzheimer's disease},
	journal={The Lancet},
	year={2016},
	volume={388},
	number={10043},
	pages={505-517},
	doi={10.1016/S0140-6736(15)01124-1},
	document_type={Review},
	source={Scopus},
}


@ARTICLE{Prince201363,
	author={Prince, M. and Bryce, R. and Albanese, E. and Wimo, A. and Ribeiro, W. and Ferri, C.P.},
	title={The global prevalence of dementia: A systematic review and metaanalysis},
	journal={Alzheimer's and Dementia},
	year={2013},
	volume={9},
	number={1},
	pages={63-75},
	doi={10.1016/j.jalz.2012.11.007},
	document_type={Review},
	source={Scopus},
}


@ARTICLE{Zhao2016264,
	author={Zhao, Q.-F. and Tan, L. and Wang, H.-F. and Jiang, T. and Tan, M.-S. and Tan, L. and Xu, W. and Li, J.-Q. and Wang, J. and Lai, T.-J. and Yu, J.-T.},
	title={The prevalence of neuropsychiatric symptoms in Alzheimer's disease: Systematic review and meta-analysis},
	journal={Journal of Affective Disorders},
	year={2016},
	volume={190},
	pages={264-271},
	doi={10.1016/j.jad.2015.09.069},
	document_type={Article},
	source={Scopus},
}

@ARTICLE{Lozano20122095,
	author={Lozano, R. and Naghavi, M. and Foreman, K. and Lim, S. and Shibuya, K. and Aboyans, V. and Abraham, J. and Adair, T. and Aggarwal, R. and Ahn, S.Y. and AlMazroa, M.A. and Alvarado, M. and Anderson, H.R. and Anderson, L.M. and Andrews, K.G. and Atkinson, C. and Baddour, L.M. and Barker-Collo, S. and Bartels, D.H. and Bell, M.L. and Benjamin, E.J. and Bennett, D. and Bhalla, K. and Bikbov, B. and Bin Abdulhak, A. and Birbeck, G. and Blyth, F. and Bolliger, I. and Boufous, S. and Bucello, C. and Burch, M. and Burney, P. and Carapetis, J. and Chen, H. and Chou, D. and Chugh, S.S. and Coffeng, L.E. and Colan, S.D. and Colquhoun, S. and Colson, K.E. and Condon, J. and Connor, M.D. and Cooper, L.T. and Corriere, M. and Cortinovis, M. and Courville De Vaccaro, K. and Couser, W. and Cowie, B.C. and Criqui, M.H. and Cross, M. and Dabhadkar, K.C. and Dahodwala, N. and De Leo, D. and Degenhardt, L. and Delossantos, A. and Denenberg, J. and Des Jarlais, D.C. and Dharmaratne, S.D. and Dorsey, E.R. and Driscoll, T. and Duber, H. and Ebel, B. and Erwin, P.J. and Espindola, P. and Ezzati, M. and Feigin, V. and Flaxman, A.D. and Forouzanfar, M.H. and Fowkes, F.G.R. and Franklin, R. and Fransen, M. and Freeman, M.K. and Gabriel, S.E. and Gakidou, E. and Gaspari, F. and Gillum, R.F. and Gonzalez-Medina, D. and Halasa, Y.A. and Haring, D. and Harrison, J.E. and Havmoeller, R. and Hay, R.J. and Hoen, B. and Hotez, P.J. and Hoy, D. and Jacobsen, K.H. and James, S.L. and Jasrasaria, R. and Jayaraman, S. and Johns, N. and Karthikeyan, G. and Kassebaum, N. and Keren, A. and Khoo, J.-P. and Knowlton, L.M. and Kobusingye, O. and Koranteng, A. and Krishnamurthi, R. and Lipnick, M. and Lipshultz, S.E. and Lockett Ohno, S. and Mabweijano, J. and MacIntyre, M.F. and Mallinger, L. and March, L. and Marks, G.B. and Marks, R. and Matsumori, A. and Matzopoulos, R. and Mayosi, B.M. and McAnulty, J.H. and McDermott, M.M. and McGrath, J. and Memish, Z.A. and Mensah, G.A. and Merriman, T.R. and Michaud, C. and Miller, M. and Miller, T.R. and Mock, C. and Mocumbi, A.O. and Mokdad, A.A. and Moran, A. and Mulholland, K. and Nair, M.N. and Naldi, L. and Narayan, K.M.V. and Nasseri, K. and Norman, P. and O'Donnell, M. and Omer, S.B. and Ortblad, K. and Osborne, R. and Ozgediz, D. and Pahari, B. and Pandian, J.D. and Panozo Rivero, A. and Perez Padilla, R. and Perez-Ruiz, F. and Perico, N. and Phillips, D. and Pierce, K. and Pope, C.A., III and Porrini, E. and Pourmalek, F. and Raju, M. and Ranganathan, D. and Rehm, J.T. and Rein, D.B. and Remuzzi, G. and Rivara, F.P. and Roberts, T. and Rodriguez De León, F. and Rosenfeld, L.C. and Rushton, L. and Sacco, R.L. and Salomon, J.A. and Sampson, U. and Sanman, E. and Schwebel, D.C. and Segui-Gomez, M. and Shepard, D.S. and Singh, D. and Singleton, J. and Sliwa, K. and Smith, E. and Steer, A. and Taylor, J.A. and Thomas, B. and Tleyjeh, I.M. and Towbin, J.A. and Truelsen, T. and Undurraga, E.A. and Venketasubramanian, N. and Vijayakumar, L. and Vos, T. and Wagner, G.R. and Wang, M. and Wang, W. and Watt, K. and Weinstock, M.A. and Weintraub, R. and Wilkinson, J.D. and Woolf, A.D. and Wulf, S. and Yeh, P.-H. and Yip, P. and Zabetian, A. and Zheng, Z.-J. and Lopez, A.D. and Murray, C.J.L.},
	title={Global and regional mortality from 235 causes of death for 20 age groups in 1990 and 2010: A systematic analysis for the Global Burden of Disease Study 2010},
	journal={The Lancet},
	year={2012},
	volume={380},
	number={9859},
	pages={2095-2128},
	doi={10.1016/S0140-6736(12)61728-0},
	document_type={Article},
	source={Scopus},
}

@ARTICLE{Kontis20171323,
	author={Kontis, V. and Bennett, J.E. and Mathers, C.D. and Li, G. and Foreman, K. and Ezzati, M.},
	title={Future life expectancy in 35 industrialised countries: projections with a Bayesian model ensemble},
	journal={The Lancet},
	year={2017},
	volume={389},
	number={10076},
	pages={1323-1335},
	doi={10.1016/S0140-6736(16)32381-9},
	document_type={Article},
	source={Scopus},
}



@ARTICLE{Steyerberg2010128,
	author={Steyerberg, E.W. and Vickers, A.J. and Cook, N.R. and Gerds, T. and Gonen, M. and Obuchowski, N. and Pencina, M.J. and Kattan, M.W.},
	title={Assessing the performance of prediction models: A framework for traditional and novel measures},
	journal={Epidemiology},
	year={2010},
	volume={21},
	number={1},
	pages={128-138},
	doi={10.1097/EDE.0b013e3181c30fb2},
	document_type={Review},
	source={Scopus},
}

@ARTICLE{CantareroPrieto201758,
	author={Cantarero Prieto, D.},
	title={Economic impact of cognitive impairment and dementia [Impacto económico del deterioro cognitivo y la demencia]},
	journal={Revista Espanola de Geriatria y Gerontologia},
	year={2017},
	volume={52},
	pages={58-60},
	doi={10.1016/S0211-139X(18)30085-4},
	document_type={Article},
	source={Scopus},
}


@misc{NoAuthor2017,
	author={Author, N.}
	title={2017 Alzheimer's disease facts and figures},
	journal={Alzheimer's and Dementia},
	year={2017},
	doi={10.1016/j.jalz.2017.02.001},
	document_type={Article in Press},
	source={Scopus},
}

%CITA MILLOR TIO... 
@book{DSM-V-GOOGLESCHOLAR-CITARMILLOR,
	title={Diagnostic and Statistical Manual of Mental Disorders (DSM-5{\textregistered})},
	author={Association, A.P.},
	isbn={9780890425572},
	lccn={2013011061},
	year={2013},
	publisher={American Psychiatric Publishing}
}

@ARTICLE{Benchimol2015,
	author={Benchimol, E.I. and Smeeth, L. and Guttmann, A. and Harron, K. and Moher, D. and Peteresen, I. and Sørensen, H.T. and von Elm, E. and Langan, S.M.},
	title={The REporting of studies Conducted using Observational Routinely-collected health Data (RECORD) Statement},
	journal={PLoS Medicine},
	year={2015},
	volume={12},
	number={10},
	page_count={22},
	doi={10.1371/journal.pmed.1001885},
	art_number={e1001885},
	document_type={Article},
	source={Scopus},
}


@ARTICLE{Wimo20171,
	author={Wimo, A. and Guerchet, M. and Ali, G.-C. and Wu, Y.-T. and Prina, A.M. and Winblad, B. and Jönsson, L. and Liu, Z. and Prince, M.},
	title={The worldwide costs of dementia 2015 and comparisons with 2010},
	journal={Alzheimer's and Dementia},
	year={2017},
	volume={13},
	number={1},
	pages={1-7},
	doi={10.1016/j.jalz.2016.07.150},
	document_type={Article},
	source={Scopus},
}

@ARTICLE{Olazaran20171,
	author={Olazarán, J. and Agüera-Ortiz, L. and Argimón, J.M. and Reed, C. and Ciudad, A. and Andrade, P. and Dilla, T.},
	title={Costs and quality of life in community-dwelling patients with Alzheimer's disease in Spain: results from the GERAS II observational study},
	journal={International Psychogeriatrics},
	year={2017},
	pages={1-13},
	doi={10.1017/S1041610217001211},
	document_type={Article in Press},
	source={Scopus},
}


@ARTICLE{Liu201856,
	author={Liu, X. and Chen, K. and Wu, T. and Weidman, D. and Lure, F. and Li, J.},
	title={Use of multimodality imaging and artificial intelligence for diagnosis and prognosis of early stages of Alzheimer's disease},
	journal={Translational Research},
	year={2018},
	volume={194},
	pages={56-67},
	doi={10.1016/j.trsl.2018.01.001},
	document_type={Review},
	source={Scopus},
}


@ARTICLE{Henriques2018,
	author={Henriques, A.D. and Benedet, A.L. and Camargos, E.F. and Rosa-Neto, P. and Nóbrega, O.T.},
	title={Fluid and imaging biomarkers for Alzheimer's disease: Where we stand and where to head to},
	journal={Experimental Gerontology},
	year={2018},
	doi={10.1016/j.exger.2018.01.002},
	document_type={Article in Press},
	source={Scopus},
}

@ARTICLE{Martinez2017,
	author={Martínez, G. and Vernooij, R.W. and Fuentes Padilla, P. and Zamora, J. and Flicker, L. and Bonfill Cosp, X.},
	title={18F PET with florbetaben for the early diagnosis of Alzheimer's disease dementia and other dementias in people with mild cognitive impairment (MCI)},
	journal={Cochrane Database of Systematic Reviews},
	year={2017},
	volume={2017},
	number={11},
	doi={10.1002/14651858.CD012883},
	art_number={CD012883},
	document_type={Review},
	source={Scopus},
}



@ARTICLE{Sarica2017,
	author={Sarica, A. and Cerasa, A. and Quattrone, A.},
	title={Random forest algorithm for the classification of neuroimaging data in Alzheimer's disease: A systematic review},
	journal={Frontiers in Aging Neuroscience},
	year={2017},
	volume={9},
	number={OCT},
	doi={10.3389/fnagi.2017.00329},
	art_number={329},
	document_type={Review},
	source={Scopus},
}


@ARTICLE{Dallora2017,
	author={Dallora, A.L. and Eivazzadeh, S. and Mendes, E. and Berglund, J. and Anderberg, P.},
	title={Machine learning and microsimulation techniques on the prognosis of dementia: A systematic literature review},
	journal={PLoS ONE},
	year={2017},
	volume={12},
	number={6},
	doi={10.1371/journal.pone.0179804},
	art_number={e0179804},
	document_type={Review},
	source={Scopus},
}

@article{CRETIN2017374,
	title = {Do we know how to diagnose epilepsy early in Alzheimer's disease?},
	journal = {Revue Neurologique},
	volume = {173},
	number = {6},
	pages = {374 - 380},
	year = {2017},
	issn = {0035-3787},
	doi = {https://doi.org/10.1016/j.neurol.2017.03.028},
	author = {B. Cretin and N. Philippi and O. Bousiges and L. Dibitonto and F. Sellal and C. Martin-Hunyadi and F. Blanc},
	keywords = {Alzheimer's disease, Mild cognitive impairment, Partial seizures, Temporal lobe epilepsy},
}


@ARTICLE{Rathore2017530,
	author={Rathore, S. and Habes, M. and Iftikhar, M.A. and Shacklett, A. and Davatzikos, C.},
	title={A review on neuroimaging-based classification studies and associated feature extraction methods for Alzheimer's disease and its prodromal stages},
	journal={NeuroImage},
	year={2017},
	volume={155},
	pages={530-548},
	doi={10.1016/j.neuroimage.2017.03.057},
	document_type={Review},
	source={Scopus},
}


@ARTICLE{Herukka2017285,
	author={Herukka, S.-K. and Simonsen, A.H. and Andreasen, N. and Baldeiras, I. and Bjerke, M. and Blennow, K. and Engelborghs, S. and Frisoni, G.B. and Gabryelewicz, T. and Galluzzi, S. and Handels, R. and Kramberger, M.G. and Kulczyńska, A. and Molinuevo, J.L. and Mroczko, B. and Nordberg, A. and Oliveira, C.R. and Otto, M. and Rinne, J.O. and Rot, U. and Saka, E. and Soininen, H. and Struyfs, H. and Suardi, S. and Visser, P.J. and Winblad, B. and Zetterberg, H. and Waldemar, G.},
	title={Recommendations for cerebrospinal fluid Alzheimer's disease biomarkers in the diagnostic evaluation of mild cognitive impairment},
	journal={Alzheimer's and Dementia},
	year={2017},
	volume={13},
	number={3},
	pages={285-295},
	doi={10.1016/j.jalz.2016.09.009},
	document_type={Short Survey},
	source={Scopus},
}
FI VOLCAMENT A L'ANNEX 


INICI SNOWBALL 



@ARTICLE{Diniz2008172,
	author={Diniz, B.S.O. and Pinto Jr., J.A. and Forlenza, O.V.},
	title={Do CSF total tau, phosphorylated tau, and b-amyloid 42 help to predict progression of mild cognitive impairment to Alzheimer's disease? A systematic review and meta-analysis of the literature},
	journal={World Journal of Biological Psychiatry},
	year={2008},
	volume={9},
	number={3},
	pages={172-182},
	doi={10.1080/15622970701535502},
	document_type={Review},
	source={Scopus},
}

@ARTICLE{Olsson2016673,
	author={Olsson, B. and Lautner, R. and Andreasson, U. and Öhrfelt, A. and Portelius, E. and Bjerke, M. and Hölttä, M. and Rosén, C. and Olsson, C. and Strobel, G. and Wu, E. and Dakin, K. and Petzold, M. and Blennow, K. and Zetterberg, H.},
	title={CSF and blood biomarkers for the diagnosis of Alzheimer's disease: a systematic review and meta-analysis},
	journal={The Lancet Neurology},
	year={2016},
	volume={15},
	number={7},
	pages={673-684},
	doi={10.1016/S1474-4422(16)00070-3},
	document_type={Article},
	source={Scopus},
}



@ARTICLE{Ferreira2014,
	author={Ferreira, D. and Rivero-Santana, A. and Perestelo-Pérez, L. and Westman, E. and Wahlund, L.-O. and Sarría, A. and Serrano-Aguilar, P.},
	title={Improving CSF biomarkers' performance for predicting progression from mild cognitive impairment to Alzheimer's disease by considering different confounding factors: A meta-analysis},
	journal={Frontiers in Aging Neuroscience},
	year={2014},
	volume={6},
	number={OCT},
	doi={10.3389/fnagi.2014.00287},
	art_number={287},
	document_type={Review},
	source={Scopus},
}




@online{adni1_protocol_extension,
	author={Ronald, P. and Michael, W. and Toga, A. and Jack, C. and William, J. and Leslie, M.S.},
	title={Alzheimer's disease neuroimaging protocol(ADNI): Extended protocol},
	year = {2008},
	howpublished =	
	{\url{http://www.adni-info.org/Scientists/doc/ADNI_Protocol_Extension_A2_091908.pdf}},
	note = {Accessed: 2018-04-05},
}

@online{Protocol_ADNI3,
	author = {Gunter, J. and Thostenson, K. and Borowski, B. and Reid, R. and Aran, B.A. and Fox, M.A. and Thomas, N.C. and Decarli, D. and Tosun, C. and Thompson, D. and Weiner, P.M. and Jack, M.},
	title = {{ADNI-3 MRI Protocols} [INTERNET]. Mayo Clinic},
	year = {2017},
	howpublished = {\url{https://adni.loni.usc.edu/wp-content/uploads/2017/07/ADNI3-MRI-protocols.pdf}},
	note = {Accessed: 2018-03-29},
}

@article{Demirtas2017343,
	author={Demirtaş,M. and Falcon,C. and Tucholka,A. and Gispert,J. D. and Molinuevo,J. L. and Deco,G.},
	year={2017},
	title={A whole-brain computational modeling approach to explain the alterations in resting-state functional connectivity during progression of Alzheimer's disease},
	journal={NeuroImage: Clinical},
	volume={16},
	pages={343-354},
	language={English},
}


@ARTICLE{Hajian-Tilaki2014193,
	author={Hajian-Tilaki, K.},
	title={Sample size estimation in diagnostic test studies of biomedical informatics},
	journal={Journal of Biomedical Informatics},
	year={2014},
	volume={48},
	pages={193-204},
	doi={10.1016/j.jbi.2014.02.013},
	note={cited By 66},
	document_type={Review},
	source={Scopus},
}



@ARTICLE{Bochmann2007898,
	author={Bochmann, F. and Johnson, Z. and Azuara-Blanco, A.},
	title={Sample size in studies on diagnostic accuracy in ophthalmology: A literature survey},
	journal={British Journal of Ophthalmology},
	year={2007},
	volume={91},
	number={7},
	pages={898-900},
	doi={10.1136/bjo.2006.113290},
	document_type={Article},
	source={Scopus},
}


@ARTICLE{Bachmann20061127,
	author={Bachmann, L.M. and Puhan, M.A. and Ter Riet, G. and Bossuyt, P.M.},
	title={Sample sizes of studies on diagnostic accuracy: Literature survey},
	journal={British Medical Journal},
	year={2006},
	volume={332},
	number={7550},
	pages={1127-1129},
	doi={10.1136/bmj.38793.637789.2F},
	document_type={Article},
	source={Scopus},
}


@ARTICLE{Luo2016,
	author={Luo, W. and Phung, D. and Tran, T. and Gupta, S. and Rana, S. and Karmakar, C. and Shilton, A. and Yearwood, J. and Dimitrova, N. and Ho, T.B. and Venkatesh, S. and Berk, M.},
	title={Guidelines for developing and reporting machine learning predictive models in biomedical research: A multidisciplinary view},
	journal={Journal of Medical Internet Research},
	year={2016},
	volume={18},
	number={12},
	doi={10.2196/jmir.5870},
	art_number={e323},
	document_type={Article},
	source={Scopus},
}



@incollection{john2011,
	author={John, W. and Sons},
	title={Measures of diagnostic accuracy},
	editor={Zhou, X.-H. and Obuchowski, N.A. and McClish, D.K.},
	booktitle={Statistical Methods in Diagnostic Medicine},
	year={2011},
	pages={13-55},
	chapter={2}
	doi={10.1002/9780470906514},
	document_type={Book},
	source={Scopus},
}


@online{adni_data_training_part2,
	author={ADNI Biostatistics Core Team},
	title={ADNI Data Training Part 2},
	year = {2013},
	howpublished =	
	{\url{https://adni.loni.usc.edu/wp-content/uploads/2012/08/slide_data_training_part2_reduced-size.pdf}},
	note = {Accessed: 2018-01-06},
}


@online{adni2_protocol_extension,
	author={Petersen, R. and Weiner, W.},
	title={ALZHEIMER’S DISEASE NEUROIMAGING INITIATIVE 2 (ADNI2) PROTOCOL},
	year = {2010},
	howpublished = {\url{http://www.adni-info.org/Scientists/doc/ADNI2_Protocol_FINAL_20100917.pdf}},
	note = {Accessed: 2018-03-04},
}


@online{nature_Chou,
	author={Chou, I.},
	title={Read my mind},
	year={2008},
	howpublished =	
	{\url{https://www.nature.com/milestones/milespin/pdf/milespin19.pdf}},
	note = {Accessed: 2018-05-18},
}





@ARTICLE{Larobina2014200,
	author={Larobina, M. and Murino, L.},
	title={Medical image file formats},
	journal={Journal of Digital Imaging},
	year={2014},
	volume={27},
	number={2},
	pages={200-206},
	doi={10.1007/s10278-013-9657-9},
	document_type={Review},
	source={Scopus},
}


@ARTICLE{Tzourio-Mazoyer2002273,
	author={Tzourio-Mazoyer, N. and Landeau, B. and Papathanassiou, D. and Crivello, F. and Etard, O. and Delcroix, N. and Mazoyer, B. and Joliot, M.},
	title={Automated anatomical labeling of activations in SPM using a macroscopic anatomical parcellation of the MNI MRI single-subject brain},
	journal={NeuroImage},
	year={2002},
	volume={15},
	number={1},
	pages={273-289},
	doi={10.1006/nimg.2001.0978},
	document_type={Article},
	source={Scopus},
}


@ARTICLE{Hajian-Tilaki2014193,
	author={Hajian-Tilaki, K.},
	title={Sample size estimation in diagnostic test studies of biomedical informatics},
	journal={Journal of Biomedical Informatics},
	year={2014},
	volume={48},
	pages={193-204},
	doi={10.1016/j.jbi.2014.02.013},
	document_type={Review},
	source={Scopus},
}



@ARTICLE{Waljee2014,
	author={Waljee, A.K. and Higgins, P.D.R. and Singal, A.G.},
	title={A primer on predictive models},
	journal={Clinical and Translational Gastroenterology},
	year={2014},
	volume={5},
	doi={10.1038/ctg.2013.19},
	art_number={e44},
	document_type={Article},
	source={Scopus},
}


@ARTICLE{Kriegeskorte2009535,
	author={Kriegeskorte, N. and Simmons, W.K. and Bellgowan, P.S. and Baker, C.I.},
	title={Circular analysis in systems neuroscience: The dangers of double dipping},
	journal={Nature Neuroscience},
	year={2009},
	volume={12},
	number={5},
	pages={535-540},
	doi={10.1038/nn.2303},
	document_type={Article},
	source={Scopus},
}



@ARTICLE{Varoquaux2017166,
	author={Varoquaux, G. and Raamana, P.R. and Engemann, D.A. and Hoyos-Idrobo, A. and Schwartz, Y. and Thirion, B.},
	title={Assessing and tuning brain decoders: Cross-validation, caveats, and guidelines},
	journal={NeuroImage},
	year={2017},
	volume={145},
	pages={166-179},
	doi={10.1016/j.neuroimage.2016.10.038},
	document_type={Article},
	source={Scopus},
}

@ARTICLE{Arbabshirani2017137,
	author={Arbabshirani, M.R. and Plis, S. and Sui, J. and Calhoun, V.D.},
	title={Single subject prediction of brain disorders in neuroimaging: Promises and pitfalls},
	journal={NeuroImage},
	year={2017},
	volume={145},
	pages={137-165},
	doi={10.1016/j.neuroimage.2016.02.079},
	document_type={Article},
	source={Scopus},
}


@ARTICLE{Liu201856,
	author={Liu, X. and Chen, K. and Wu, T. and Weidman, D. and Lure, F. and Li, J.},
	title={Use of multimodality imaging and artificial intelligence for diagnosis and prognosis of early stages of Alzheimer's disease},
	journal={Translational Research},
	year={2018},
	volume={194},
	pages={56-67},
	doi={10.1016/j.trsl.2018.01.001},
	document_type={Review},
	source={Scopus},
}


@ARTICLE{Hojjati201769,
	author={Hojjati, S.H. and Ebrahimzadeh, A. and Khazaee, A. and Babajani-Feremi, A.},
	title={Predicting conversion from MCI to AD using resting-state fMRI, graph theoretical approach and SVM},
	journal={Journal of Neuroscience Methods},
	year={2017},
	volume={282},
	pages={69-80},
	doi={10.1016/j.jneumeth.2017.03.006},
	document_type={Article},
	source={Scopus},
}


@ARTICLE{Hall2016,
	author={Hall, C.N. and Howarth, C. and Kurth-Nelson, Z. and Mishra, A.},
	title={Interpreting bold: Towards a dialogue between cognitive and cellular neuroscience},
	journal={Philosophical Transactions of the Royal Society B: Biological Sciences},
	year={2016},
	volume={371},
	number={1705},
	page_count={1},
	doi={10.1098/rstb.2015.0348},
	art_number={20150348},
	document_type={Editorial},
	source={Scopus},
}



@ARTICLE{VanDeVorst2015,
	author={Van De Vorst, I.E. and Vaartjes, I. and Geerlings, M.I. and Bots, M.L. and Koek, H.L.},
	title={Prognosis of patients with dementia: Results from a prospective nationwide registry linkage study in the Netherlands},
	journal={BMJ Open},
	year={2015},
	volume={5},
	number={10},
	doi={10.1136/bmjopen-2015-008897},
	art_number={e008897},
	document_type={Article},
	source={Scopus},
}



@ARTICLE{JackJr.2008685,
	author={Jack Jr., C.R. and Bernstein, M.A. and Fox, N.C. and Thompson, P. and Alexander, G. and Harvey, D. and Borowski, B. and Britson, P.J. and Whitwell, J.L. and Ward, C. and Dale, A.M. and Felmlee, J.P. and Gunter, J.L. and Hill, D.L.G. and Killiany, R. and Schuff, N. and Fox-Bosetti, S. and Lin, C. and Studholme, C. and DeCarli, C.S. and Krueger, G. and Ward, H.A. and Metzger, G.J. and Scott, K.T. and Mallozzi, R. and Blezek, D. and Levy, J. and Debbins, J.P. and Fleisher, A.S. and Albert, M. and Green, R. and Bartzokis, G. and Glover, G. and Mugler, J. and Weiner, M.W.},
	title={The Alzheimer's Disease Neuroimaging Initiative (ADNI): MRI methods},
	journal={Journal of Magnetic Resonance Imaging},
	year={2008},
	volume={27},
	number={4},
	pages={685-691},
	doi={10.1002/jmri.21049},
	document_type={Review},
	source={Scopus},
}


@ARTICLE{Dai2017772,
	author={Dai, T. and Guo, Y.},
	title={Predicting individual brain functional connectivity using a Bayesian hierarchical model},
	journal={NeuroImage},
	year={2017},
	volume={147},
	pages={772-787},
	doi={10.1016/j.neuroimage.2016.11.048},
	document_type={Article},
	source={Scopus},
}


@ARTICLE{Yu2016,
	author={Yu, Y. and Sun, Q. and Yan, L.-F. and Hu, Y.-C. and Nan, H.-Y. and Yang, Y. and Liu, Z.-C. and Wang, W. and Cui, G.-B.},
	title={Multimodal MRI for early diabetic mild cognitive impairment: Study protocol of a prospective diagnostic trial},
	journal={BMC Medical Imaging},
	year={2016},
	volume={16},
	number={1},
	doi={10.1186/s12880-016-0152-x},
	art_number={50},
	document_type={Article},
	source={Scopus},
}



@ARTICLE{Shen2014147,
	author={Shen, D. and Wee, C.-Y. and Zhang, D. and Zhou, L. and Yap, P.-T.},
	title={Machine learning techniques for AD/MCI diagnosis and prognosis},
	journal={Intelligent Systems Reference Library},
	year={2014},
	volume={56},
	pages={147-179},
	doi={10.1007/978-3-642-40017-9_8},
	document_type={Article},
	source={Scopus},
}

@ARTICLE{Petrella2007,
	author={Petrella, J.R. and Prince, S.E. and Wang, L. and Hellegers, C. and Doraiswamy, P.M.},
	title={Prognostic value of posteromedial cortex deactivation in mild cognitive impairment},
	journal={PLoS ONE},
	year={2007},
	volume={2},
	number={10},
	doi={10.1371/journal.pone.0001104},
	art_number={e1104},
	document_type={Article},
	source={Scopus},
}

@online{sklearn-calibration,
	author={Several Authors},
	title={Probability calibration},
	year = {2017},
	howpublished = {\url{http://scikit-learn.org/stable/modules/calibration.html}},
	note = {Accessed: 2018-08-07},
}



@ARTICLE{Gerds2008457,
	author={Gerds, T.A. and Cai, T. and Schumacher, M.},
	title={The performance of risk prediction models},
	journal={Biometrical Journal},
	year={2008},
	volume={50},
	number={4},
	pages={457-479},
	doi={10.1002/bimj.200810443},
	document_type={Review},
	source={Scopus},
}



@ARTICLE{Steyerberg2010128,
	author={Steyerberg, E.W. and Vickers, A.J. and Cook, N.R. and Gerds, T. and Gonen, M. and Obuchowski, N. and Pencina, M.J. and Kattan, M.W.},
	title={Assessing the performance of prediction models: A framework for traditional and novel measures},
	journal={Epidemiology},
	year={2010},
	volume={21},
	number={1},
	pages={128-138},
	doi={10.1097/EDE.0b013e3181c30fb2},
	document_type={Review},
	source={Scopus},
}

@ARTICLE{Shen2013403,
	author={Shen, X. and Tokoglu, F. and Papademetris, X. and Constable, R.T.},
	title={Groupwise whole-brain parcellation from resting-state fMRI data for network node identification},
	journal={NeuroImage},
	year={2013},
	volume={82},
	pages={403-415},
	doi={10.1016/j.neuroimage.2013.05.081},
	document_type={Article},
	source={Scopus},
}

@online{oxford_fsl_web,
	author={Analysis Group, Oxford, UK},
	title={FMRIB Software Library v5.0},
	year = {2018},
	howpublished =	
	{\url{https://fsl.fmrib.ox.ac.uk/fsl/fslwiki}},
	note = {Accessed: 2018-08-09},
}

@ARTICLE{Jenkinson2012782,
	author={Jenkinson, M. and Beckmann, C.F. and Behrens, T.E.J. and Woolrich, M.W. and Smith, S.M.},
	title={FSL},
	journal={NeuroImage},
	year={2012},
	volume={62},
	number={2},
	pages={782-790},
	doi={10.1016/j.neuroimage.2011.09.015},
	document_type={Review},
	source={Scopus},
}

@online{melodic_web,
	author={Analysis Group, Oxford, UK},
	title={MELODIC},
	year = {2013},
	howpublished =	
	{\url{https://fsl.fmrib.ox.ac.uk/fsl/fslwiki/MELODIC}},
	note = {Accessed: 2018-08-09},
}

@online{flirt_web,
	author={Steve Smith},
	title={FLIRT},
	year = {2013},
	howpublished =	
	{\url{https://fsl.fmrib.ox.ac.uk/fsl/fslwiki/FLIRT}},
	note = {Accessed: 2018-08-09},
}



@ARTICLE{Jenkinson2001143,
	author={Jenkinson, M. and Smith, S.},
	title={A global optimisation method for robust affine registration of brain images},
	journal={Medical Image Analysis},
	year={2001},
	volume={5},
	number={2},
	pages={143-156},
	doi={10.1016/S1361-8415(01)00036-6},
	document_type={Article},
	source={Scopus},
}



@ARTICLE{Jenkinson2002825,
	author={Jenkinson, M. and Bannister, P. and Brady, M. and Smith, S.},
	title={Improved optimization for the robust and accurate linear registration and motion correction of brain images},
	journal={NeuroImage},
	year={2002},
	volume={17},
	number={2},
	pages={825-841},
	doi={10.1016/S1053-8119(02)91132-8},
	document_type={Article},
	source={Scopus},
}



@online{ics_practica_clinica,
	title = {{Institut català de la salut. Guideline: Recomanacions i criteris d'indicació de tomografia computada i ressonància magnètica} [INTERNET]},
	year = 2003,
	howpublished = {\url{http://ics.gencat.cat/web/.content/documents/assistencia/protocols/rectcirm.pdf}},
	note = {Accessed: 2018-01-07}
}

@ARTICLE{Kapur20121174,
	author={Kapur, S. and Phillips, A.G. and Insel, T.R.},
	title={Why has it taken so long for biological psychiatry to develop clinical tests and what to do about it},
	journal={Molecular Psychiatry},
	year={2012},
	volume={17},
	number={12},
	pages={1174-1179},
	doi={10.1038/mp.2012.105},
	document_type={Review},
	source={Scopus},
}

@ARTICLE{Sarracanie2015,
	author={Sarracanie, M. and Lapierre, C.D. and Salameh, N. and Waddington, D.E.J. and Witzel, T. and Rosen, M.S.},
	title={Low-Cost High-Performance MRI},
	journal={Scientific Reports},
	year={2015},
	volume={5},
	doi={10.1038/srep15177},
	art_number={15177},
	document_type={Article},
	source={Scopus},
}


@ARTICLE{Gold19801190,
	author={Gold, MarkS. and Pottash, A.L.C. and Extein, I. and Sweeney, DonaldR.},
	title={DEXAMETHASONE SUPPRESSION TESTS IN DEPRESSION AND RESPONSE TO TREATMENT},
	journal={The Lancet},
	year={1980},
	volume={315},
	number={8179},
	pages={1190},
	doi={10.1016/S0140-6736(80)91647-5},
	document_type={Letter},
	source={Scopus},
}


@ARTICLE{Collins2015,
	author={Collins, G.S. and Reitsma, J.B. and Altman, D.G. and Moons, K.G.M.},
	title={Transparent reporting of a multivariable prediction model for individual prognosis or diagnosis (TRIPOD): The TRIPOD statement},
	journal={BMJ (Online)},
	year={2015},
	volume={350},
	doi={10.1136/bmj.g7594},
	art_number={g7594},
	document_type={Article},
	source={Scopus},
}


@ARTICLE{Esteva2017115,
	author={Esteva, A. and Kuprel, B. and Novoa, R.A. and Ko, J. and Swetter, S.M. and Blau, H.M. and Thrun, S.},
	title={Dermatologist-level classification of skin cancer with deep neural networks},
	journal={Nature},
	year={2017},
	volume={542},
	number={7639},
	pages={115-118},
	doi={10.1038/nature21056},
	document_type={Article},
}

@online{Kuprel2017yt,
	author = {Kuprel, J.B.},
	title = {{Skin Cancer Image Classification} [INTERNET]. TensorFlow Dev Summit 2017},
	year = 2017,
	howpublished = {\url{https://www.youtube.com/watch?v=toK1OSLep3s&t=2s}},
	note = {Accessed: 2018-03-30}
}

@ARTICLE{2017arXiv171105225R,
	author = {{Rajpurkar}, P. and {Irvin}, J. and {Zhu}, K. and {Yang}, B. and 
	{Mehta}, H. and {Duan}, T. and {Ding}, D. and {Bagul}, A. and 
	{Langlotz}, C. and {Shpanskaya}, K. and {Lungren}, M.~P. and 
	{Ng}, A.~Y.},
	title = "{CheXNet: Radiologist-Level Pneumonia Detection on Chest X-Rays with Deep Learning}",
	journal = {ArXiv e-prints},
	archivePrefix = "arXiv",
	eprint = {1711.05225},
	primaryClass = "cs.CV",
	keywords = {Computer Science - Computer Vision and Pattern Recognition, Computer Science - Learning, Statistics - Machine Learning},
	year = 2017,
	month = nov,
	adsurl = {http://adsabs.harvard.edu/abs/2017arXiv171105225R},
	adsnote = {Provided by the SAO/NASA Astrophysics Data System}
}

@CONFERENCE{Payan2015355,
	author={Payan, A. and Montana, G.},
	title={Predicting Alzheimer's disease a neuroimaging study with 3D convolutional neural networks},
	journal={ICPRAM 2015 - 4th International Conference on Pattern Recognition Applications and Methods, Proceedings},
	year={2015},
	volume={2},
	pages={355-362},
	document_type={Conference Paper},
	source={Scopus},
}


@ARTICLE{Gulshan20162402,
	author={Gulshan, V. and Peng, L. and Coram, M. and Stumpe, M.C. and Wu, D. and Narayanaswamy, A. and Venugopalan, S. and Widner, K. and Madams, T. and Cuadros, J. and Kim, R. and Raman, R. and Nelson, P.C. and Mega, J.L. and Webster, D.R.},
	title={Development and validation of a deep learning algorithm for detection of diabetic retinopathy in retinal fundus photographs},
	journal={JAMA - Journal of the American Medical Association},
	year={2016},
	volume={316},
	number={22},
	pages={2402-2410},
	doi={10.1001/jama.2016.17216},
	document_type={Article},
	source={Scopus},
}

@online{retinopatia_diabetica,
	author = {Peng, L.},
	title = {{Case Study: TensorFlow in Medicine - Retinal Imaging (TensorFlow Dev Summit 2017)} [INTERNET]},
	year = 2017,
	howpublished = {\url{https://www.youtube.com/watch?v=oOeZ7IgEN4o1}},
	note = {Accessed: 2018-04-01}
}




@ARTICLE{Zwarenstein20081223,
	author={Zwarenstein, M. and Treweek, S. and Gagnier, J.J. and Altman, D.G. and Tunis, S. and Haynes, B. and Oxman, A.D. and Moher, D.},
	title={Improving the reporting of pragmatic trials: An extension of the CONSORT statement},
	journal={BMJ},
	year={2008},
	volume={337},
	number={7680},
	pages={1223-1226},
	doi={10.1136/bmj.a2390},
	document_type={Article},
	source={Scopus},
}


@online{adni_data_use_agreement,
	author={ADNI},
	title={Alzheimer’s Disease Neuroimaging Initiative (ADNI) data use agreement},
	year = {2018},
	howpublished =	
	{\url{https://adni.loni.usc.edu/wp-content/uploads/how_to_apply/ADNI_Data_Use_Agreement.pdf}},
	note = {Accessed: 2018-09-12},
}



@ARTICLE{Kim20093735,
	author={Kim, J.-H.},
	title={Estimating classification error rate: Repeated cross-validation, repeated hold-out and bootstrap},
	journal={Computational Statistics and Data Analysis},
	year={2009},
	volume={53},
	number={11},
	pages={3735-3745},
	doi={10.1016/j.csda.2009.04.009},
	document_type={Article},
	source={Scopus},
}




@ARTICLE{Burke2014,
	author={Burke, W.},
	title={Genetic tests: Clinical validity and clinical utility},
	journal={Current Protocols in Human Genetics},
	year={2014},
	number={SUPPL.81},
	doi={10.1002/0471142905.hg0915s81},
	art_number={9.15},
	document_type={Article},
	source={Scopus},
}

@ARTICLE{Bossuyt20121636,
	author={Bossuyt, P.M.M. and Reitsma, J.B. and Linnet, K. and Moons, K.G.M.},
	title={Beyond diagnostic accuracy: The clinical utility of diagnostic tests},
	journal={Clinical Chemistry},
	year={2012},
	volume={58},
	number={12},
	pages={1636-1643},
	doi={10.1373/clinchem.2012.182576},
	document_type={Review},
	source={Scopus},
}

@online{tfWithoutphd,
	author={Martin Gorner},
	title={Tensorflow and deep learning - without a PhD},
	year = {2016},
	howpublished =	
	{\url{https://www.youtube.com/watch?v=vq2nnJ4g6N0}},
	note = {Accessed: 2017-12-20},
}

